@article{sweeneyKAnonymity,
  title={k-anonymity: A model for protecting privacy},
  author={Sweeney, Latanya},
  journal={International Journal of Uncertainty, Fuzziness and Knowledge-Based Systems},
  volume={10},
  number={05},
  pages={557--570},
  year={2002},
  publisher={World Scientific}
}
@article{machanavajjhalalDiversity,
  title={{$L$-Diversity:} Privacy beyond $k$-anonymity},
  author={Machanavajjhala, Ashwin and Kifer, Daniel and Gehrke, Johannes and Venkitasubramaniam, Muthuramakrishnan},
  journal={ACM Transactions on Knowledge Discovery from Data (TKDD)},
  volume={1},
  number={1},
  pages={3--es},
  year={2007},
  publisher={ACM New York, NY, USA}
}
@inproceedings{litCloseness,
  title={t-closeness: Privacy beyond k-anonymity and l-diversity},
  author={Li, Ninghui and Li, Tiancheng and Venkatasubramanian, Suresh},
  booktitle={2007 IEEE 23rd International Conference on Data Engineering},
  pages={106--115},
  year={2007},
  organization={IEEE}
}
@article{niClustering,
  title={Clustering Based K-anonymity Algorithm for Privacy Preservation.},
  author={Ni, Sang and Xie, Mengbo and Qian, Quan},
  journal={IJ Network Security},
  volume={19},
  number={6},
  pages={1062--1071},
  year={2017}
}
@article{liuDensity,
  title={A density-based clustering method for k-anonymity privacy protection},
  author={Liu, Jie and Yin, Shou-Lin and Li, Hang and Teng, Lin},
  journal={Journal of Information Hiding and Multimedia Signal Processing},
  volume={8},
  number={1},
  pages={12--18},
  year={2017}
}
@inproceedings{chiuClustering,
  title={A k-anonymity clustering method for effective data privacy preservation},
  author={Chiu, Chuang-Cheng and Tsai, Chieh-Yuan},
  booktitle={International Conference on Advanced Data Mining and Applications},
  pages={89--99},
  year={2007},
  organization={Springer}
}
@inproceedings{soriaSwapping,
  title={Probabilistic $k$-anonymity through microaggregation and data swapping},
  author={Soria-Comas, Jordi and Domingo-Ferrer, Josep},
  booktitle={2012 IEEE International Conference on Fuzzy Systems},
  pages={1--8},
  year={2012},
  organization={IEEE}
}
@inproceedings{xiaoAnatomy,
  title={Anatomy: Simple and effective privacy preservation},
  author={Xiao, Xiaokui and Tao, Yufei},
  booktitle={Proceedings of the 32nd international conference on Very large data bases},
  pages={139--150},
  year={2006},
  organization={VLDB Endowment}
}
@article{domingoMicroag,
  title={Ordinal, continuous and heterogeneous k-anonymity through microaggregation},
  author={Domingo-Ferrer, Josep and Torra, Vicen{\c{c}}},
  journal={Data Mining and Knowledge Discovery},
  volume={11},
  number={2},
  pages={195--212},
  year={2005},
  publisher={Springer}
}
@inproceedings{jiaPad,
  title={{PAD}: protecting anonymity in publishing building related datasets},
  author={Jia, Ruoxi and Sangogboye, Fisayo Caleb and Hong, Tianzhen and Spanos, Costas and Kj{\ae}rgaard, Mikkel Baun},
  booktitle={Proceedings of the 4th ACM International Conference on Systems for Energy-Efficient Built Environments},
  pages={1--10},
  year={2017}
}
@misc{adultDatabase,
  author = {Dua, Dheeru and Graff, Casey},
  year = {2017},
  title = {UCI Machine Learning Repository},
  note = {\url{http://archive.ics.uci.edu/ml}},
  howpublished = {University of California, Irvine, School of Information and Computer Sciences}
}
@article{sangogboyePad,
  title={A framework for privacy-preserving data publishing with enhanced utility for cyber-physical systems},
  author={Sangogboye, Fisayo Caleb and Jia, Ruoxi and Hong, Tianzhen and Spanos, Costas and Kj{\ae}rgaard, Mikkel Baun},
  journal={ACM Transactions on Sensor Networks (TOSN)},
  volume={14},
  number={3-4},
  pages={1--22},
  year={2018},
  publisher={ACM New York, NY, USA}
}
@article{liuInfoTheory,
  title={Towards attack and defense views to K-Anonymous using information theory approach},
  author={Liu, Cheng and Tian, Youliang and Xiong, Jinbo and Lu, Yanhua and Li, Qiuxian and Peng, Changgen},
  journal={IEEE Access},
  volume={7},
  pages={156025--156032},
  year={2019},
  publisher={IEEE}
}
@inproceedings{duInfoTheory,
  title={Privacy against statistical inference},
  author={du Pin Calmon, Fl{\'a}vio and Fawaz, Nadia},
  booktitle={2012 50th annual Allerton conference on communication, control, and computing (Allerton)},
  pages={1401--1408},
  year={2012},
  organization={IEEE}
}
@inproceedings{schweeEval,
  title={Evaluating practical privacy attacks for building data anonymized by standard methods},
  author={Schwee, Jens Hjort and Sangogboye, Fisayo Caleb and Kj{\ae}rgaard, Mikkel Baun},
  booktitle={International Workshop on Security and Privacy for the Internet-of-Things},
  year={2019}
}
@inproceedings{vsarvcevicEffectiveness,
  title={An Analysis of Different Notions of Effectiveness in k-Anonymity},
  author={{\v{S}}ar{\v{c}}evi{\'c}, Tanja and Molnar, David and Mayer, Rudolf},
  booktitle={International Conference on Privacy in Statistical Databases},
  pages={121--135},
  year={2020},
  organization={Springer}
}
@article{domingoPracticalCluster,
  title={Practical data-oriented microaggregation for statistical disclosure control},
  author={Domingo-Ferrer, Josep and Mateo-Sanz, Josep Maria},
  journal={IEEE Transactions on Knowledge and data Engineering},
  volume={14},
  number={1},
  pages={189--201},
  year={2002},
  publisher={IEEE}
}
@inproceedings{yangEnhanced,
  author={ {Gaoming Yang} and  {Jingzhao Li} and  {Shunxiang Zhang} and  {Li Yu}},
  booktitle={2013 10th International Conference on Fuzzy Systems and Knowledge Discovery (FSKD)}, 
  title={An enhanced l-diversity privacy preservation}, 
  year={2013},
  volume={},
  number={},
  pages={1115-1120},
  doi={10.1109/FSKD.2013.6816364}}